<?xml version="1.0" encoding="UTF-8"?><collection xmlns="http://www.loc.gov/MARC21/slim"><record><leader>00923nam--2200193-u-4500</leader><controlfield tag="001">000053443</controlfield><controlfield tag="002">20161230</controlfield><controlfield tag="005">20161230201051</controlfield><controlfield tag="008">110405s1000------------r-----000-0-eng-d</controlfield><datafield ind1=" " ind2=" " tag="020"><subfield code="a">9201102038</subfield></datafield><datafield ind1=" " ind2=" " tag="040"><subfield code="a">IFIN-HH</subfield></datafield><datafield ind1=" " ind2=" " tag="080"><subfield code="a">614.8</subfield></datafield><datafield ind1="1" ind2=" " tag="110"><subfield code="a">International Atomic Energy Agency</subfield></datafield><datafield ind1="1" ind2="0" tag="245"><subfield code="a">Advances in destructive and non-destructive analysis for environmental monitoring and nuclear forensics</subfield><subfield code="b">Proceedings of an international conference on advances in destructive and non-destructive analysis for environmental monitoring and nuclear forensics organized by the international atomic energy agency convened jointly with the institute for transuranium ELEMENTS HOSTED BY THE GOVERNMENT OF GERMANY AND HELD IN KARLRUHE, 21-23 OCTOBER 2002</subfield></datafield><datafield ind1=" " ind2=" " tag="260"><subfield code="a">Vienna</subfield><subfield code="b">International Atomic Energy Agency</subfield><subfield code="c">2003</subfield></datafield><datafield ind1=" " ind2=" " tag="300"><subfield code="a">417P</subfield></datafield><datafield ind1=" " ind2=" " tag="490"><subfield code="a">Proceedings Series</subfield></datafield><datafield ind1=" " ind2=" " tag="852"><subfield code="a">81590</subfield><subfield code="c">614.8</subfield></datafield><datafield ind1=" " ind2=" " tag="CAT"><subfield code="a">Sys</subfield><subfield code="c">20110405</subfield><subfield code="h">110044</subfield></datafield></record></collection>